@INPROCEEDINGS{
	Motoneta,
author = {D. S. Katz and J. Ruchti and E. Schulte},
booktitle = {2018 IEEE 25th International Conference on Software Analysis, Evolution and Reengineering (SANER)},
title = {Using recurrent neural networks for decompilation},
year = {2018},
volume = {00},
number = {},
pages = {346-356},
keywords={Recurrent neural networks;Tools;Training;Binary codes;Natural languages;Decoding;Data models},
doi = {10.1109/SANER.2018.8330222},
url = {doi.ieeecomputersociety.org/10.1109/SANER.2018.8330222},
ISSN = {},
month={March}
}



@article{
	deep_programming_matome,
  author    = {Neel Kant},
  title     = {Recent Advances in Neural Program Synthesis},
  journal   = {CoRR},
  volume    = {abs/1802.02353},
  year      = {2018},
  url       = {http://arxiv.org/abs/1802.02353},
  archivePrefix = {arXiv},
  eprint    = {1802.02353},
  timestamp = {Mon, 13 Aug 2018 16:46:30 +0200},
  biburl    = {https://dblp.org/rec/bib/journals/corr/abs-1802-02353},
  bibsource = {dblp computer science bibliography, https://dblp.org}
}





@inproceedings{
	name_recover_from_decompile_result,
 author = {Jaffe, Alan and Lacomis, Jeremy and Schwartz, Edward J. and Goues, Claire Le and Vasilescu, Bogdan},
 title = {Meaningful Variable Names for Decompiled Code: A Machine Translation Approach},
 booktitle = {Proceedings of the 26th Conference on Program Comprehension},
 series = {ICPC '18},
 year = {2018},
 isbn = {978-1-4503-5714-2},
 location = {Gothenburg, Sweden},
 pages = {20--30},
 numpages = {11},
 url = {http://doi.acm.org/10.1145/3196321.3196330},
 doi = {10.1145/3196321.3196330},
 acmid = {3196330},
 publisher = {ACM},
 address = {New York, NY, USA},
} 

@inproceedings{
	JSNaughty,
 author = {Vasilescu, Bogdan and Casalnuovo, Casey and Devanbu, Premkumar},
 title = {Recovering Clear, Natural Identifiers from Obfuscated JS Names},
 booktitle = {Proceedings of the 2017 11th Joint Meeting on Foundations of Software Engineering},
 series = {ESEC/FSE 2017},
 year = {2017},
 isbn = {978-1-4503-5105-8},
 location = {Paderborn, Germany},
 pages = {683--693},
 numpages = {11},
 url = {http://doi.acm.org/10.1145/3106237.3106289},
 doi = {10.1145/3106237.3106289},
 acmid = {3106289},
 publisher = {ACM},
 address = {New York, NY, USA},
 keywords = {Deobfuscation, JavaScript, Statistical Machine Translation},
} 


@InProceedings{
	genetic_decompiler,
  author =       "Eric Schulte and Jason Ruchti and Matt Noonan and 
                 David Ciarletta and Alexey Loginov",
  title =        "Evolving Exact Decompilation",
  booktitle =    "Workshop on Binary Analysis Research",
  year =         "2018",
  editor =       "Yan Shoshitaishvili and Ruoyu (Fish) Wang",
  address =      "San Diego, CA, USA",
  month =        feb # " 18-21",
  keywords =     "genetic algorithms, genetic programming, SBSE",
  URL =          "http://www.cs.unm.edu/~eschulte/data/bed.pdf",
  size =         "11 pages",
}



@article{
	Seq2Tree,
  author    = {Pengcheng Yin and
               Graham Neubig},
  title     = {A Syntactic Neural Model for General-Purpose Code Generation},
  journal   = {CoRR},
  volume    = {abs/1704.01696},
  year      = {2017},
  url       = {http://arxiv.org/abs/1704.01696},
  archivePrefix = {arXiv},
  eprint    = {1704.01696},
  timestamp = {Mon, 13 Aug 2018 16:47:27 +0200},
  biburl    = {https://dblp.org/rec/bib/journals/corr/YinN17},
  bibsource = {dblp computer science bibliography, https://dblp.org}
}




@article{
	attention_paper,
  author    = {Dzmitry Bahdanau and
               Kyunghyun Cho and
               Yoshua Bengio},
  title     = {Neural Machine Translation by Jointly Learning to Align and Translate},
  journal   = {CoRR},
  volume    = {abs/1409.0473},
  year      = {2014},
  url       = {http://arxiv.org/abs/1409.0473},
  archivePrefix = {arXiv},
  eprint    = {1409.0473},
  timestamp = {Mon, 13 Aug 2018 16:46:05 +0200},
  biburl    = {https://dblp.org/rec/bib/journals/corr/BahdanauCB14},
  bibsource = {dblp computer science bibliography, https://dblp.org}
}

@article{
	coffeescript_to_javascript,
  author    = {Xinyun Chen and
               Chang Liu and
               Dawn Song},
  title     = {Tree-to-tree Neural Networks for Program Translation},
  journal   = {CoRR},
  volume    = {abs/1802.03691},
  year      = {2018},
  url       = {http://arxiv.org/abs/1802.03691},
  archivePrefix = {arXiv},
  eprint    = {1802.03691},
  timestamp = {Mon, 13 Aug 2018 16:47:49 +0200},
  biburl    = {https://dblp.org/rec/bib/journals/corr/abs-1802-03691},
  bibsource = {dblp computer science bibliography, https://dblp.org}
}


@article{
	dot_attention,
  author    = {Minh{-}Thang Luong and
               Hieu Pham and
               Christopher D. Manning},
  title     = {Effective Approaches to Attention-based Neural Machine Translation},
  journal   = {CoRR},
  volume    = {abs/1508.04025},
  year      = {2015},
  url       = {http://arxiv.org/abs/1508.04025},
  archivePrefix = {arXiv},
  eprint    = {1508.04025},
  timestamp = {Mon, 13 Aug 2018 16:46:14 +0200},
  biburl    = {https://dblp.org/rec/bib/journals/corr/LuongPM15},
  bibsource = {dblp computer science bibliography, https://dblp.org}
}





@article{
	seq2seq,
  author    = {Ilya Sutskever and
               Oriol Vinyals and
               Quoc V. Le},
  title     = {Sequence to Sequence Learning with Neural Networks},
  journal   = {CoRR},
  volume    = {abs/1409.3215},
  year      = {2014},
  url       = {http://arxiv.org/abs/1409.3215},
  archivePrefix = {arXiv},
  eprint    = {1409.3215},
  timestamp = {Mon, 13 Aug 2018 16:48:06 +0200},
  biburl    = {https://dblp.org/rec/bib/journals/corr/SutskeverVL14},
  bibsource = {dblp computer science bibliography, https://dblp.org}
}


@article{
	first_LSTM,
 author = {Hochreiter, Sepp and Schmidhuber, J\"{u}rgen},
 title = {Long Short-Term Memory},
 journal = {Neural Comput.},
 issue_date = {November 15, 1997},
 volume = {9},
 number = {8},
 month = nov,
 year = {1997},
 issn = {0899-7667},
 pages = {1735--1780},
 numpages = {46},
 url = {http://dx.doi.org/10.1162/neco.1997.9.8.1735},
 doi = {10.1162/neco.1997.9.8.1735},
 acmid = {1246450},
 publisher = {MIT Press},
 address = {Cambridge, MA, USA},
} 



@misc{
	github,
	author = {},
	note = "\url{https://github.com/}"
}

@misc{
	clang,
	author = {},
	note = "\url{https://clang.llvm.org/}"
}

@misc{
	pycparser,
	author = {},
	note = "\url{https://github.com/eliben/pycparser}"
}
